<record><leader>00000cas a2200000 a 4500</leader><controlfield tag="001">13049231</controlfield><controlfield tag="008">860122d18941902ksuwr ne      0    0ger d</controlfield><datafield ind1=" " ind2=" " tag="010"><subfield code="a">sn 85066982 </subfield></datafield><datafield ind1=" " ind2=" " tag="040"><subfield code="a">KSH</subfield><subfield code="b">eng</subfield><subfield code="c">KSH</subfield><subfield code="d">NPT</subfield><subfield code="d">OCL</subfield><subfield code="d">OCLCQ</subfield></datafield><datafield ind1="0" ind2=" " tag="041"><subfield code="a">gereng</subfield></datafield><datafield ind1=" " ind2=" " tag="042"><subfield code="a">msc</subfield></datafield><datafield ind1="0" ind2=" " tag="130"><subfield code="a">Kansas Staats-Zeitung (Kansas City, Kan. : 1894)</subfield></datafield><datafield ind1="1" ind2="0" tag="245"><subfield code="a">Kansas Staats-Zeitung.</subfield></datafield><datafield ind1=" " ind2=" " tag="260"><subfield code="a">Kansas City, Kan. :</subfield><subfield code="b">Staats-Zeitung Pub. Co.,</subfield><subfield code="c">-1902.</subfield></datafield><datafield ind1=" " ind2=" " tag="300"><subfield code="a">v. :</subfield><subfield code="b">ill. ;</subfield><subfield code="c">54-59 cm.</subfield></datafield><datafield ind1=" " ind2=" " tag="310"><subfield code="a">Weekly</subfield></datafield><datafield ind1="0" ind2=" " tag="362"><subfield code="a">-Jahrg. 8, Nr. 31 (2 Juli 1902).</subfield></datafield><datafield ind1="1" ind2=" " tag="362"><subfield code="a">Began in 1894.</subfield><subfield code="z">Cf. Ayer, 1903.</subfield></datafield><datafield ind1=" " ind2=" " tag="546"><subfield code="a">In German with some columns in English.</subfield></datafield><datafield ind1=" " ind2=" " tag="580"><subfield code="a">Continued during a suspension by: Missouri Staats-Zeitung (Kansas City, Mo.).</subfield></datafield><datafield ind1=" " ind2=" " tag="588"><subfield code="a">Description based on: Jahrg. 1, Nr. 21 (18 Apr. 1895).</subfield></datafield><datafield ind1=" " ind2=" " tag="752"><subfield code="a">United States</subfield><subfield code="b">Kansas</subfield><subfield code="c">Wyandotte</subfield><subfield code="d">Kansas City.</subfield></datafield><datafield ind1="0" ind2="0" tag="785"><subfield code="t">Neue Kansas Staats-Zeitung (Kansas City, Kan. : 1902)</subfield><subfield code="w">(DLC)sn 85032369</subfield></datafield><datafield ind1="1" ind2=" " tag="787"><subfield code="t">Missouri Staats-Zeitung (Kansas City, Mo.)</subfield><subfield code="w">(DLC)sn 85032368</subfield></datafield></record>